
@Article{Zucchetto2006,
  author = 	"Zucchetto, A.
		and Sonego, P.
		and Degan, M.
		and Bomben, R.
		and Dal Bo, M.
		and Bulian, P.
		and Benedetti, D.
		and Rupolo, M.
		and Del Poeta, G.
		and Campanini, R.
		and Gattei, V.",
  title = 	"Surface-Antigen Expression Profiling of {B} Cell Chronic Lymphocytic Leukemia:
  		 From the Signature of Specific Disease Subsets to the Identification of Markers
		 with Prognostic Relevance",
  journal = 	"Journal of Translational Medicine",
  year = 	"2006",
  month = 	"MAR 1",
  volume = 	"4",
}

@Article{Zucchetto2006,
  author = 	"Zucchetto, A.
		and Bomben, R.
		and Dal Bo, M.
		and Sonego, P.
		and Nanni, P.
		and Rupolo, M.
		and Bulian, P.
		and Dal Maso, L.
		and Del Poeta, G.
		and Del Principe, M. I.
		and Degan, M.
		and Gattei, V.",
  title = 	"A scoring system based on the expression of six surface molecules allows the identification of three prognostic risk groups in B-cell chronic lymphocytic leukemia",
  journal = 	"Journal of Cellular Physiology",
  year = 	"2006",
  month = 	"MAY",
  volume = 	"207",
  issue = 	"2",
  pages = 	"354--363",
}

@Article{Zucchetto2006,
  author = 	"Zucchetto, A.
		and Bomben, R.
		and Dal Bo, M.
		and Bulian, P.
		and Benedetti, D.
		and Nanni, P.
		and Del Poeta, G.
		and Degan, M.
		and Gattei, V.",
  title = 	"CD49d in B-cell chronic lymphocytic leukemia: correlated expression with CD38 and prognostic relevance",
  journal = 	"Leukemia",
  year = 	"2006",
  month = 	"MAR",
  volume = 	"20",
  issue = 	"3",
  pages = 	"523--525",
}

@Article{Zucchetto2006,
  author = 	"Zucchetto, A.
		and Bomben, R.
		and Dal Bo, M.
		and Bulian, P.
		and Benedetti, D.
		and Nanni, P.
		and Del Poeta, G.
		and Degan, M.
		and Gattei, V.",
  title = 	"Reply to 'CD49d in B-cell chronic lymphocytic leukemia: correlated expression with CD38 and prognostic relevance' by Zucchetto et al. - Reply",
  journal = 	"Leukemia",
  year = 	"2006",
  month = 	"MAR",
  volume = 	"20",
  issue = 	"3",
  pages = 	"528--529",
}

@Article{Bang2006,
  author = 	"Bang, H.
		and Mazumdar, M.
		and Spence, J. D.",
  title = 	"Tutorial in biostatistics: Analyzing associations between total plasma homocysteine and B vitamins using optimal categorization and segmented regression",
  journal = 	"Neuroepidemiology",
  year = 	"2006",
  volume = 	"27",
  issue = 	"4",
  pages = 	"188--200",
}

@Article{Mazumdar2003,
  author = 	"Mazumdar, M.
		and Smith, A.
		and Bacik, J.",
  title = 	"Methods for categorizing a prognostic variable in a multivariable setting",
  journal = 	"Statistics in Medicine",
  year = 	"2003",
  month = 	"FEB 28",
  volume = 	"22",
  issue = 	"4",
  pages = 	"559--571",
}

@Article{Bonetti2004,
  author = 	"Bonetti, M.
		and Gelber, R. D.",
  title = 	"Patterns of treatment effects in subsets of patients in clinical trials",
  journal = 	"Biostatistics",
  year = 	"2004",
  month = 	"JUL",
  volume = 	"5",
  issue = 	"3",
  pages = 	"465--481",
}

@Article{Boulesteix2006b,
  author = 	"Boulesteix, A. L.",
  title = 	"Maximally Selected Chi-square Statistics and Binary Splits of Nominal Variables",
  journal = 	"Biometrical Journal",
  year = 	"2006",
  month = 	"AUG",
  volume = 	"48",
  issue = 	"5",
  pages = 	"838--848",
}

@Article{Boulesteix2006a,
  author = 	"Boulesteix, A. L.",
  title = 	"Maximally Selected Chi-square Statistics for Ordinal Variables",
  journal = 	"Biometrical Journal",
  year = 	"2006",
  month = 	"JUN",
  volume = 	"48",
  issue = 	"3",
  pages = 	"451--462",
}

@Article{O'Brien2004,
  author = 	"O'Brien, S. M.",
  title = 	"Cutpoint Selection for Categorizing a Continuous Predictor",
  journal = 	"Biometrics",
  year = 	"2004",
  month = 	"JUN",
  volume = 	"60",
  issue = 	"2",
  pages = 	"504--509",
}

@Article{O'Quigley2004,
  author = 	"O'Quigley, J.
		and Natarajan, L.",
  title = 	"Erosion of regression effect in a survival study",
  journal = 	"Biometrics",
  year = 	"2004",
  month = 	"JUN",
  volume = 	"60",
  issue = 	"2",
  pages = 	"344--351",
}

@Article{Kim2004,
  author = 	"Kim, H. J.
		and Fay, M. P.
		and Yu, B. B.
		and Barrett, M. J.
		and Feuer, E. J.",
  title = 	"Comparability of segmented line regression models",
  journal = 	"Biometrics",
  year = 	"2004",
  month = 	"DEC",
  volume = 	"60",
  issue = 	"4",
  pages = 	"1005--1014",
}

@Article{Hans2005,
  author = 	"Hans, C.
		and Dunson, D. B.",
  title = 	"Bayesian inferences on umbrella orderings",
  journal = 	"Biometrics",
  year = 	"2005",
  month = 	"DEC",
  volume = 	"61",
  issue = 	"4",
  pages = 	"1018--1026",
}

@Article{Jacqmin-Gadda2006,
  author = 	"Jacqmin-Gadda, H.
		and Commenges, D.
		and Dartigues, J. F.",
  title = 	"Random changepoint model for joint modeling of cognitive decline and dementia",
  journal = 	"Biometrics",
  year = 	"2006",
  month = 	"MAR",
  volume = 	"62",
  issue = 	"1",
  pages = 	"254--260",
}

@Article{Rabinowitz2000,
  author = 	"Rabinowitz, D.
		and Betensky, R. A.",
  title = 	"Approximating the Distribution of Maximally Selected {McNemar}'s Statistics",
  journal = 	"Biometrics",
  year = 	"2000",
  month = 	"SEP",
  volume = 	"56",
  issue = 	"3",
  pages = 	"897--902",
}

@Article{Betensky1999,
  author = 	"Betensky, R. A.
		and Rabinowitz, D.",
  title = 	"Maximally Selected $\chi^2$ Statistics for $k \times 2$ Tables",
  journal = 	"Biometrics",
  year = 	"1999",
  month = 	"MAR",
  volume = 	"55",
  issue = 	"1",
  pages = 	"317--320",
}

@Article{Friede2006,
  author = 	"Friede, T.
		and Henderson, R.
		and Kao, C. F.",
  title = 	"A note on testing for intervention effects on binary responses",
  journal = 	"Methods of Information in Medicine",
  year = 	"2006",
  volume = 	"45",
  issue = 	"4",
  pages = 	"435--440",
}

@Article{Hollander2004,
  author = 	"Holl{\"a}nder, N.
		and Sauerbrei, W.
		and Schumacher, M.",
  title = 	"Confidence intervals for the effect of a prognostic factor after selection of an 'optimal' cutpoint",
  journal = 	"Statistics in Medicine",
  year = 	"2004",
  month = 	"JUN 15",
  volume = 	"23",
  issue = 	"11",
  pages = 	"1701--1713",
}

@Article{Buccisano2006,
  author = 	"Buccisano, F.
		and Maurillo, L.
		and Gattei, V.
		and Del Poeta, G.
		and Del Principe, M. I.
		and Cox, M. C.
		and Panetta, P.
		and Consalvo, M. I.
		and Mazzone, C.
		and Neri, B.
		and Ottaviani, L.
		and Fraboni, D.
		and Tamburini, A.
		and Lo-Coco, F.
		and Amadori, S.
		and Venditti, A.",
  title = 	"The Kinetics of Reduction of Minimal Residual Disease Impacts on Duration
  		 of Response and Survival of Patients with Acute Myeloid Leukemia",
  journal = 	"Leukemia",
  year = 	"2006",
  month = 	"OCT",
  volume = 	"20",
  issue = 	"10",
  pages = 	"1783--1789",
}

@Article{Stebbing2006,
  author = 	"Stebbing, J.
		and Sanitt, A.
		and Nelson, M.
		and Powles, T.
		and Gazzard, B.
		and Bower, M.",
  title = 	"A prognostic index for AIDS-associated Kaposi's sarcoma in the era of highly active antiretroviral therapy",
  journal = 	"The Lancet",
  year = 	"2006",
  month = 	"MAY 6",
  volume = 	"367",
  issue = 	"9521",
  pages = 	"1495--1502",
}

@Article{Romani2006,
  author = 	"Romani, A. A.
		and Borghetti, A. F.
		and Del Rio, P.
		and Sianesi, M.
		and Soliani, P.",
  title = 	"The risk of developing metastatic disease in colorectal cancer is related to CD105-positive vessel count",
  journal = 	"Journal of Surgical Oncology",
  year = 	"2006",
  month = 	"MAY 1",
  volume = 	"93",
  issue = 	"6",
  pages = 	"446--455",
}

@Article{Zucchetto2006,
  author = 	"Zucchetto, A.
		and Bomben, R.
		and Dal Bo, M.
		and Sonego, P.
		and Nanni, P.
		and Rupolo, M.
		and Bulian, P.
		and Dal Maso, L.
		and Del Poeta, G.
		and Del Principe, M. I.
		and Degan, M.
		and Gattei, V.",
  title = 	"A scoring system based on the expression of six surface molecules allows the identification of three prognostic risk groups in B-cell chronic lymphocytic leukemia",
  journal = 	"Journal of Cellular Physiology",
  year = 	"2006",
  month = 	"MAY",
  volume = 	"207",
  issue = 	"2",
  pages = 	"354--363",
}

@Article{Voglauer2006,
  author = 	"Voglauer, R.
		and Chang, M. W. F.
		and Dampier, B.
		and Wieser, M.
		and Baumann, K.
		and Sterovsky, T.
		and Schreiber, M.
		and Katinger, H.
		and Grillari, J.",
  title = 	"SNEV overexpression extends the life span of human endothelial cells",
  journal = 	"Experimental Cell Research",
  year = 	"2006",
  month = 	"APR 1",
  volume = 	"312",
  issue = 	"6",
  pages = 	"746--759",
}

@Article{Muller2005,
  author = 	"M{\"u}ller, J.
		and Str{\"a}tz, C.
		and Hothorn, T.",
  title = 	"Habitat Factors for Land Snails in {E}uropean Beech Forests with a Special
  		 Focus on Coarse Woody Debris",
  journal = 	"European Journal of Forest Research",
  year = 	"2005",
  month = 	"OCT",
  volume = 	"124",
  issue = 	"3",
  pages = 	"233--242",
}

@Article{Hollander2006,
  author = 	"Holl{\"a}nder, N.
		and Schumacher, M.",
  title = 	"Estimating the functional form of a continuous covariate's effect on survival time",
  journal = 	"Computational Statistics \& Data Analysis",
  year = 	"2006",
  month = 	"FEB 24",
  volume = 	"50",
  issue = 	"4",
  pages = 	"1131--1151",
}

@Article{Taplin2005,
  author = 	"Taplin, M. E.
		and George, D. J.
		and Halabi, S.
		and Sanford, B.
		and Febbo, P. G.
		and Hennessy, K. T.
		and Mihos, C. G.
		and Vogelzang, N. J.
		and Small, E. J.
		and Kantoff, P. W.",
  title = 	"Prognostic significance of plasma chromogranin A levels in patients with hormone-refractory prostate cancer treated in Cancer and Leukemia Group B 9480 study",
  journal = 	"Urology",
  year = 	"2005",
  month = 	"AUG",
  volume = 	"66",
  issue = 	"2",
  pages = 	"386--391",
}

@Article{Muller2004,
  author = 	"M{\"u}ller, J.
		and Hothorn, T.",
  title = 	"Maximally Selected Two-Sample Statistics as a New Tool for the
  		 Identification and Assessment of Habitat Factors with an Application
		 to Breeding-Bird Communities in Oak Forests",
  journal = 	"European Journal of Forest Research",
  year = 	"2004",
  month = 	"NOV",
  volume = 	"123",
  issue = 	"3",
  pages = 	"219--228",
}

@Article{Krober2002,
  author = 	"Krober, A.
		and Seiler, T.
		and Benner, A.
		and Bullinger, L.
		and Bruckle, E.
		and Lichter, P.
		and Dohner, H.
		and Stilgenbauer, S.",
  title = 	"V-H mutation status, CD38 expression level, genomic aberrations, and survival in chronic lymphocytic leukemia",
  journal = 	"Blood",
  year = 	"2002",
  month = 	"AUG 15",
  volume = 	"100",
  issue = 	"4",
  pages = 	"1410--1416",
}

@Article{Groner2005,
  author = 	"Groner, R. S.
		and Peters, A.
		and Br{\"u}ckl, W. M.
		and Matzel, K. E.
		and Klein-Hitpass, L.
		and Brabletz, T.
		and Papadopoulos, T.
		and Hohenberger, W.
		and Reingruber, B.
		and Lausen, B.",
  title = 	"Microarray versus conventional prediction of lymph node metastasis in colorectal carcinoma",
  journal = 	"Cancer",
  year = 	"2005",
  month = 	"JUL 15",
  volume = 	"104",
  issue = 	"2",
  pages = 	"395--404",
}

@Article{Galon2006,
  author = 	"Galon, J.
		and Costes, A.
		and Sanchez-Cabo, F.
		and Kirilovsky, A.
		and Mlecnik, B.
		and Lagorce-Pages, C.
		and Tosolini, M.
		and Camus, M.
		and Berger, A.
		and Wind, P.
		and Zinzindohoue, F.
		and Bruneval, P.
		and Cugnenc, P. H.
		and Trajanoski, Z.
		and Fridman, W. H.
		and Pages, F.",
  title = 	"Type, Density, and Location of Immune Cells Within Human Colorectal Tumors
  		 Predict Clinical Outcome",
  journal = 	"Science",
  year = 	"2006",
  month = 	"SEP 29",
  volume = 	"313",
  issue = 	"5795",
  pages = 	"1960--1964",
}

@Article{Sauer2004,
  author =      "Sauer, R.
                and Becker, H.
                and Hohenberger, W.
                and R{\"o}del, C.
                and Wittekind, C.
                and Fietkau, R.
                and Martus, P.
                and Tschmelitsch, J.
                and Hager, E.
                and Hess, C. F.
                and Karstens, J. H.
                and Liersch, T.
                and Schmidberger, H.
                and Raab, R.",
  title =       "Preoperative Versus Postoperative Chemoradiotherapy for Rectal Cancer",
  journal =     "New England Journal of Medicine",
  year =        "2004",
  month =       "OCT 21",
  volume =      "351",
  issue =       "17",
  pages =       "1731--1740",
}

@article{Halpern1982,
   author    = {Jerry Halpern},
   title     = {Maximally selected chi square statistics for small samples},
   journal   = {Biometrics},
   pages     = {1017-1023},
   year      = {1982}, 
   volume    = {38}
}

@article{Halpern1999,
   author    = {Aaron L. Halpern},
   title     = {Minimally selected $p$ and other tests for a single abrupt changepoint
       in a binary sequence},
   journal   = {Biometrics},
   pages     = {1044-1050},
   year      = {1999},
   month     = {December},
   volume    = {55}
}

@article{MillerSiegmund1982, 
   author    = {Rupert Miller and David Siegmund},
   title     = {Maximally Selected Chi Square Statistics},
   journal   = {Biometrics},
   pages     = {1011-1016},
   year      = {1982},
   volume    = {38} 
}

@article{Koziol1991,
   author    = {James A. Koziol},
   title     = {On Maximally Selected Chi-square Statistics},
   journal   = {Biometrics},
   pages     = {1557-1561},
   year      = {1991},
   volume    = {47}
}

@article{LausenSchumacher1996,   
   author    = {Berthold Lausen and Martin Schumacher},
   title     = {Evaluating the Effect of Optimized Cutoff Values in the Assessment
       		of Prognostic Factors},
   journal   = {Computational Statistics \& Data Analysis},
   pages     = {307-326},
   year      = {1996},   
   volume    = {21},  
   number    = {3}
}

@article{LausenSchumacher1992,  
   author    = {Berthold Lausen and Martin Schumacher},
   title     = {Maximally Selected Rank Statistics},   
   journal   = {Biometrics},
   pages     = {73-85},
   year      = {1992},
   volume    = {48}
}

@Article{Lausenetal2004,
   author    = {Berthold Lausen and Torsten Hothorn and Frank Bretz
                and Martin Schumacher},
   title     = {Assessment of Optimal Selected Prognostic Factors},
   journal   = {Biometrical Journal},
   year      = {2004},
   volume    = {46},
   number    = {3},
   pages     = {364--374}
}

@article{StrasserWeber1999,
   key       = {448},
   author    = {Helmut Strasser and Christian Weber},
   title     = {On the Asymptotic Theory of Permutation Statistics},
   journal   = {Mathematical Methods of Statistics},
   pages     = {220--250},
   year      = {1999},
   volume    = {8}
}

@Article{Hothornetal2006,
  author        = {Torsten Hothorn and Kurt Hornik and
                   Mark A. van de Wiel and Achim Zeileis},
  title         = {A {L}ego System for Conditional Inference},
  journal       = {The American Statistician}, 
  year          = {2006},
  volume        = {60},
  number        = {3},
  pages         = {257--263},
}

@Article{Vinatzer2005,
  author = 	"Vinatzer, U.
		and Dampier, B.
		and Streubel, B.
		and Pacher, M.
		and Seewald, M. J.
		and Stratowa, C.
		and Kaserer, K.
		and Schreiber, M.",
  title = 	"Expression of {HER2} and the Coamplified Genes {GRB7} and {MLN64} in
  		 Human Breast Cancer: Quantitative Real-Time Reverse Transcription-{PCR}
		 as a Diagnostic Alternative to Immunohistochemistry and Fluorescence
		 In Situ Hybridization",
  journal = 	"Clinical Cancer Research",
  year = 	"2005",
  month = 	"DEC 1",
  volume = 	"11",
  issue = 	"23",
  pages = 	"8348--8357",
}

@Article{Royston2006,
  author = 	"Royston, P.
		and Altman, D. G.
		and Sauerbrei, W.",
  title = 	"Dichotomizing Continuous Predictors in Multiple Regression: A Bad Idea",
  journal = 	"Statistics in Medicine",
  year = 	"2006",
  month = 	"JAN 15",
  volume = 	"25",
  issue = 	"1",
  pages = 	"127--141",
}

@Article{Mazumdar2000,
  author = 	"Mazumdar, M.
		and Glassman, J. R.",
  title = 	"Categorizing a Prognostic Variable: Review of Methods, Code for Easy
		 Implementation and Applications to Decision-Making About Cancer Treatments",
  journal = 	"Statistics in Medicine",
  year = 	"2000",
  month = 	"JAN 15",
  volume = 	"19",
  issue = 	"1",
  pages = 	"113--132",
}

@Manual{PKG:coin,
    title = {\Rpackage{coin}: Conditional Inference Procedures in a Permutation Test
               Framework},
    author = {Torsten Hothorn and Kurt Hornik and Mark A. van de Wiel and Achim Zeileis},
    year = {2007},
    note = {\textsf{R}~package version 0.6-7. URL \url{http://CRAN.R-project.org/}}
}

@Manual{PKG:R,
  title		= {\textsf{R}: A Language and Environment for Statistical
		  Computing},
  author	= {{\textsf{R} Development Core Team}},
  organization	= {\textsf{R} Foundation for Statistical Computing},
  address	= {Vienna, Austria},
  year		= {2007},
  note		= {{ISBN} 3-900051-07-0. URL \url{http://www.R-project.org/}}
}


@article{Worsley1982,
   author    = {Keith J. Worsley},
   title     = {An Improved {B}onferroni Inequality and Applications},  
   journal   = {Biometrika},   
   pages     = {297--302},
   year      = {1982},
   volume    = {69},
   number    = {2}
}

@article{Huggett2005,
    author = {Andrew J. Huggett},
    title = {The Concept and Utility of `Ecological Thresholds' in Biodiversity Conservation},
    year = 2005,
    journal = {Biological Conservation},
    volume = 124,
    pages ={301--310}
}

@article{Miwa2000,
    author = {T. Miwa and A. J. Hayter and W. Liu},
    title = {Calculations of Level Probabilities for Normal Random Variables
             with Unequal Variances with Applications to {B}artholomew's 
             Test in Unbalanced One-Way Models},
    journal = {Computational Statistics \& Data Analysis},
    year = 2000,
    volume = 32,
    pages = {17--32}
}

@article{GenzKahaner1986,
    author = {A. Genz and D. K. Kahaner},
    title = {The Numerical Evaluation of Certain Multivariate Normal 
             Integrals},
    journal = {Journal of Computational and Applied Mathematics},
    year = 1986,
    volume = 16,
    pages = {255--258}
}

@article{Meurant1992,
    author = {G{\'e}rard Meurant},
    title = {A Review on the Inverse of Symmetric Tridiagonal 
             and Block Tridiagonal Matrices},
    journal = {{SIAM} Journal on Matrix Analysis and Applications},
    volume = 13,
    number = 3,
    year = 1992,
    pages = {707--728}
}

@article{Genz1992,
   author    = {Alan Genz},
   title     = {Numerical Computation of Multivariate Normal Probabilities},
   journal   = {Journal of Computational and Graphical Statistics},
   pages     = {141-149},
   year      = {1992},   
   volume    = {1}
}

@book{HajekSidak1999,
   key       = {113},  
   author    = {Jaroslav H\'ajek and Zbyn\v{e}k \v{S}id\'ak and Pranab K. Sen},
   title     = {Theory of Rank Tests},
   year      = {1999},
   publisher = {Academic Press},
   address   = {London},
   edition   = {2nd}
}

@Article{HothornLausen2003,
   key       = {186},
   author    = {Torsten Hothorn and Berthold Lausen},    
   title     = {On the Exact Distribution of Maximally Selected Rank Statistics},
   journal   = {Computational Statistics \& Data Analysis},
   pages     = {121--137},
   year      = {2003},
   month     = {June},
   volume    = {43},
   number    = {2}
}

@Book{            agresti2002,
  key           = {514},
  author        = {Alan Agresti},
  title         = {Categorical Data Analysis}, 
  year          = 2002,
  edition       = {2nd},
  publisher     = {John Wiley \& Sons},
  address       = {Hoboken, New Jersey}
}

@article{Death2002,
   key       = {436},  
   author    = {Glenn De'ath},
   title     = {Multivariate Regression Trees: 
                A New Technique For Modeling Species-Environment Relationships},
   journal   = {Ecology},  
   pages     = {1105-1117},
   year      = {2002},
   volume    = {83},
   number    = {4}
}

@book{CART1984,
   key       = {204},
   author    = {L. Breiman and J. H. Friedman and R. A. Olshen and C. J. Stone},
   title     = {Classification and Regression Trees},
   year      = {1984},
   publisher = {Wadsworth},
   address   = {California}
}

@Article{Hansen:1997,
  author	= {Bruce E. Hansen},
  title		= {Approximate Asymptotic {$p$}~Values for Structural-Change Tests},
  journal	= {Journal of Business \& Economic Statistics},
  year		= {1997},
  volume	= {15},
  pages		= {60--67}
}

@Article{Jennen:1985,
  author	= {C. Jennen},
  title		= {Second-Order Approximations to the Density, Mean and Variance of
  		   {B}rownian First-Exit Times},
  year		= {1985},
  journal	= {Annals of Probability},
  volume	= {13},
  pages		= {126--144}
}

@Article{Boulesteix:2007,
    author = {Anne-Laure Boulesteix and Carolin Strobl},
    title = {Maximally selected Chi-squared statistics and non-monotonic associations: 
             {A}n exact approach based on two cutpoints},
    year = 2007,
    journal = {Computational Statistics \& Data Analysis},
    volume = 51,
    pages = {6295--6306}
}


@techreport{Boulesteix+Strobl:2007,
   author    = {Anne-Laure Boulesteix and Carolin Strobl and S. Weidinger 
                and H. E. Wichmann and S. Wagenpfeil},
   title     = {Multiple testing for {SNP-SNP} interactions},
   institution = {LMU},
   year      = {2007},
   address   = {M{\"u}nchen},
   note       = {URL~\url{http://www.statistik.lmu.de/~carolin/}}
}

@article{Roedel:2007,
    title = {Prognostic significance of {TNM}-staging after neoadjuvant chemoradiotherapy 
             for rectal cancer},
    author = {C. R{\"o}del and T. Hothorn and R. Fietkau and T. Liersch 
              and C. Wittekind and R. Sauer},
    journal = {Strahlentherapie und Onkologie},
    year = {2007},
    volume = {183},
    number = {Suppl. 1},
    pages = {113--113}
}

@book{Sobin+Wittekind:2002,
    author = {L. H. Sobin and Ch. Wittekind},
    title = {{TNM} Classification of Malignant Tumours},
    year = {2002},
    edition = {6th},
    publisher = {Wiley-Liss},
    address = {New York}
}
