

  @Manual{Rcore2005,
     title        = {\textsf{R}: A Language and Environment for
                     Statistical Computing},
     author       = {{R Development Core Team}},
     organization = {R Foundation for Statistical Computing},
     address      = {Vienna, Austria},
     year         = 2005,
     note         = {{ISBN} 3-900051-00-3},
     url          = {http://www.R-project.org}
   }

@article{Pitman1937,
    author = {E. J. G. Pitman},
    title = {Significance tests which may be applied to samples from any
             populations},
    journal = {Biometrika},
    year = 1937,
    volume = 29,   
    pages = {322-335}
}

@book{Fisher1935,
    author = {R. A. Fisher},
    title = {The Design of Experiments},
    year = 1935,
    publisher = {Oliver and Boyd},
    address = {Edinburgh, UK}
}

@book{Pesarin2001,
   author    = {Fortunato Pesarin},
   title     = {Multivariate Permutation Tests:
       With Applications to Biostatistics},
   year      = {2001},
   publisher = {John Wiley \& Sons},   
   address   = {Chichester, UK}
}

@book{Edgington1987,
    author = {Eugene S. Edgington},
    title = {Randomization Tests},
    publisher = {Marcel Dekker},
    year = 1987,
    address = {New York, USA}
}

@book{Good2000,
    author = {Phillip I. Good},
    title = {Permutation Tests: {A} Practical Guide to 
             Resampling Methods for Testing},
    publisher = {Springer-Verlag},
    year = 2000,
    address = {New York, USA}
}

