
@Manual{PKG:coin,
    title = {coin: Conditional Inference Procedures in a Permutation Test
             Framework},
    author = {Torsten Hothorn and Kurt Hornik and Mark van de Wiel    
              and Achim Zeileis},
    year = {2005},
    note = {{R} package version 0.4-1, \url{http://CRAN.R-project.org}}
}
