
@Article{Hothorn:2006:AmStat,
  author        = {Torsten Hothorn and Kurt Hornik and
                   Mark A. van de Wiel and Achim Zeileis},
  title         = {A {L}ego System for Conditional Inference},
  journal       = {The American Statistician}, 
  year          = {2006},
  volume        = {60},
  number         = {3},
  pages         = {257--263},
  doi           = {10.1198/000313006X118430},
}

@article{StrasserWeber1999,
   key       = {448},
   author    = {Helmut Strasser and Christian Weber},
   title     = {On the asymptotic theory of permutation statistics},
   journal   = {Mathematical Methods of Statistics},
   pages     = {220-250},
   year      = {1999},
   volume    = {8}
}

@Manual{PKG:coin, 
    title = {coin: Conditional Inference Procedures in a Permutation Test
             Framework},
    author = {Torsten Hothorn and Kurt Hornik and Mark van de Wiel
              and Achim Zeileis},
    year = {2007}, 
    url = {http://CRAN.R-project.org},
    note = {\RR{} package version 0.5-2}
}
