
@article{StrasserWeber1999,   
   author    = {Helmut Strasser and Christian Weber},
   title     = {On the Asymptotic Theory of Permutation Statistics},
   journal   = {Mathematical Methods of Statistics},
   pages     = {220-250},
   year      = {1999},
   volume    = {8}
}
